@article{v1,
  author  = {Bengio, Y. and Delalleau, O.},
  title   = {On the expressive power of deep architectures},
  booktitle = {Proc of the 14th International Conference on Discovery Science},
  year    = {2011},
  pages   = {18-36},
  publisher = {Springer-Verlag},
  address = {Berlin}
}

@article{v2,
  author  = {Bengio, Y.},
  title   = {Learning deep architectures for AI},
  journal = {Foundations and Trends in Machine Learning},
  year    = {2009},
  volume  = {2},
  number  = {1},
  pages   = {1-127}
}

@article{v3,
  author  = {Hinton, G. and Osindero, S. and Teh, Y.},
  title   = {A fast learning algorithm for deep belief nets},
  journal = {Neural Computation},
  year    = {2006},
  volume  = {18},
  number  = {7},
  pages   = {1527-1554}
}

@inproceedings{v4,
  author  = {Bengio, Y. and Lamblin, P. and Popovici, D. and Larochelle, H.},
  title   = {Greedy layer-wise training of deep networks},
  booktitle = {Proc of the 12th Annual Conference on Neural Information Processing System},
  year    = {2006},
  pages   = {153-160}
}

@article{v5,
  author  = {LeCun, Y. and Bottou, L. and Bengio, Y. and Haffner, P.},
  title   = {Gradient-based learning applied to document recognition},
  journal = {Proceedings of the IEEE},
  year    = {1998},
  volume  = {86},
  number  = {11},
  pages   = {2278-2324}
}

@inproceedings{v6,
  author  = {Vincent, P. and Larochelle, H. and Bengio, Y. and Manzagol, P.},
  title   = {Extracting and composing robust features with denoising autoencoders},
  booktitle = {Proc of the 25th International Conference on Machine Learning},
  year    = {2008},
  pages   = {1096-1103},
  publisher = {ACM Press},
  address = {New York}
}

@article{v7,
  author  = {Vincent, P. and Larochelle, H. and Lajoie, I. and Bengio, Y. and Manzagol, P.},
  title   = {Stacked denoising autoencoders: learning useful representations in a deep network with a local denoising criterion},
  journal = {Journal of Machine Learning Research},
  year    = {2010},
  volume  = {11},
  number  = {12},
  pages   = {3371-3408}
}

@inproceedings{v8,
  author  = {Yu, Dong and Deng, Li},
  title   = {Deep convex net: a scalable architecture for speech pattern classification},
  booktitle = {Proc of the 12th Annual Conference of International Speech Communication Association},
  year    = {2011},
  pages   = {2285-2288}
}

@inproceedings{v9,
  author  = {Poon, H. and Domingos, P.},
  title   = {Sum-product networks: a new deep architecture},
  booktitle = {Proc of IEEE International Conference on Computer Vision},
  year    = {2011},
  pages   = {689-690}
}

@incollection{v10,
  author  = {Bengio, Y. and LeCun, Y.},
  title   = {Scaling learning algorithms towards AI},
  booktitle = {Large-Scale Kernel Machines},
  publisher = {MIT Press},
  year    = {2007},
  editor  = {Bottou, L. and Chapelle, O. and DeCoste, D. and Weston, J.},
  pages   = {321-358},
  address = {Cambridge}
}

@article{v11,
  author  = {Lee, T.S. and Mumford, D.},
  title   = {Hierarchical Bayesian inference in the visual cortex},
  journal = {Optical Society of America},
  year    = {2003},
  volume  = {20},
  number  = {7},
  pages   = {1434-1448}
}

@article{v12,
  author  = {Serre, T. and Wolf, L. and Bileschi, S. and Riesenhuber, M. and Poggio, T.},
  title   = {Robust object recognition with cortex-like mechanisms},
  journal = {IEEE Trans on Pattern Analysis and Machine Intelligence},
  year    = {2007},
  volume  = {29},
  number  = {3},
  pages   = {411-426}
}

@article{v13,
  author  = {Lee, T.S. and Mumford, D. and Romero, R. and Lamme, V.},
  title   = {The role of the primary visual cortex in higher level vision},
  journal = {Vision Research},
  year    = {1998},
  volume  = {38},
  number  = {15},
  pages   = {2429-2454}
}

@article{v14,
  author  = {Rossi, A.F. and Desimone, R. and Ungerleider, L.G.},
  title   = {Contextual modulation in primary visual cortex of macaques},
  journal = {Journal of Neuroscience},
  year    = {2001},
  volume  = {21},
  number  = {5},
  pages   = {1689-1709}
}

@article{v15,
  author  = {Erhan, D. and Bengio, Y. and Courville, A. and Manzagol, P. and Vincent, P. and Bengio, S.},
  title   = {Why does unsupervised pre-training help deep learning},
  journal = {Journal of Machine Learning Research},
  year    = {2010},
  volume  = {11},
  number  = {3},
  pages   = {625-660}
}

@article{v16,
  author  = {Braverman, M.},
  title   = {Poly-logarithmic independence fools bounded-depth boolean circuits},
  journal = {Communications of the ACM},
  year    = {2011},
  volume  = {54},
  number  = {4},
  pages   = {108-115}
}

@article{v17,
  author  = {Lanckriet, G.R.G. and Cristianini, N. and Bartlett, P. and Ghaoui, L.E. and Jordan, M.I.},
  title   = {Learning the kernel matrix with semidefinite programming},
  journal = {Journal of Machine Learning Research},
  year    = {2004},
  volume  = {5},
  number  = {1},
  pages   = {27-72}
}

@inproceedings{v18,
  author  = {Hinton, G.E.},
  title   = {Learning distributed representations of concepts},
  booktitle = {Proc of the 8th Annual Conference of the Cognitive Science Society},
  year    = {1986},
  pages   = {1-12}
}

@article{v19,
  author  = {Kramer, M.},
  title   = {Nonlinear principal component analysis using autoassociative neural networks},
  journal = {AIChE Journal},
  year    = {1991},
  volume  = {37},
  number  = {2},
  pages   = {233-243}
}

@phdthesis{v20,
  author  = {Salakhutdinov, R.},
  title   = {Learning deep generative models},
  school  = {University of Toronto},
  year    = {2009},
  address = {Toronto}
}

@techreport{v21,
  author  = {Hinton, G.},
  title   = {A practical guide to training restricted boltzmann machines},
  institution = {University of Toronto},
  year    = {2010},
  pages   = {1-20},
  address = {Toronto}
}

@inproceedings{v22,
  author  = {Huang, F. and LeCun, Y.},
  title   = {Large-scale learning with SVM and convolutional for generic object categorization},
  booktitle = {Proc of IEEE Computer Society Conference on Computer Vision and Pattern Recognition},
  year    = {2006},
  pages   = {284-291},
  publisher = {IEEE Computer Society},
  address = {Washington DC}
}

@phdthesis{v23,
  author  = {夏丁胤},
  title   = {互联网图像高效标注和解译的关键技术研究},
  school  = {浙江大学},
  year    = {2010},
  address = {杭州}
}

@inproceedings{v24,
  author  = {Dahl, G.E. and Yu, Dong and Deng, Li and Acero, A.},
  title   = {Large vocabulary continuous speech recognition with context-dependent DBN-HMMS},
  booktitle = {Proc of IEEE International Conference on Acoustics, Speech and Signal Processing},
  year    = {2011},
  pages   = {4688-4691}
}

@inproceedings{v25,
  author  = {Mohamed, A. and Sainath, T.N. and Dahl, G.E. and Ramabhadran, B.},
  title   = {Deep belief networks using discriminative features for phone recognition},
  booktitle = {Proc of IEEE International Conference on Acoustics, Speech, and Signal Processing},
  year    = {2011},
  pages   = {5060-5063}
}

@inproceedings{v26,
  author  = {Nair, V. and Hinton, G.E.},
  title   = {3D object recognition with deep belief nets},
  booktitle = {Advances in Neural Information Processing Systems},
  year    = {2009},
  pages   = {1339-1347}
}

@inproceedings{v27,
  author  = {Fasel, I. and Berry, J.},
  title   = {Deep belief networks for real-time extraction of tongue contours from ultrasound during speech},
  booktitle = {Proc of the 20th International Conference on Pattern Recognition},
  year    = {2010},
  pages   = {1493-1496},
  publisher = {Association for Computational Linguistics},
  address = {Stroudsburg, PA}
}

@inproceedings{v28,
  author  = {Deselaers, T. and Hasan, S. and Bender, O. and Ney, H.},
  title   = {A deep learning approach to machine transliteration},
  booktitle = {Proc of the 4th Workshop on Statistical Machine Translation},
  year    = {2009},
  pages   = {233-241}
}

@inproceedings{v29,
  author  = {Deng, Li and Seltzer, M.L. and Yu, Dong and Acero, A. and Mohamed, A. and Kingsbury, B.},
  title   = {Binary coding of speech spectrograms using a deep auto-encoder},
  booktitle = {Proc of the 11th Annual Conference of International Speech Communication Association},
  year    = {2010},
  pages   = {1692-1695}
}
